%% LaTeX2e file `le13PhDthesis.bib'
%% generated by the `filecontents' environment
%%

%%---------------------------------Automation
@INPROCEEDINGS{Agarwal11DATE, 
author={Agarwal, Y. and Weng, T. and Gupta, R.K.}, 
booktitle={Design, Automation Test in Europe Conference Exhibition ({DATE}), 2011}, 
title={Understanding the role of buildings in a smart microgrid}, 
year={2011}, 
month={March}, 
pages={1--6}, 
ISSN={1530-1591},
}

@INPROCEEDINGS{Barbato10SECON,
  author = {Barbato, Antimo and Borsani, L. and Capone, Antonio},
  booktitle = {SECON},
  keywords = {dblp},
  pages = {1-3},
  title = {A Wireless Sensor Network Based System for Reducing Home Energy Consumption},
  year = {2010}
}

@INPROCEEDINGS{Barbato09ACM,
 author = {Barbato, Antimo and Borsani, Luca and Capone, Antonio and Melzi, Stefano},
 title = {Home Energy Eaving Through a User Profiling System based on Wireless Sensors},
 booktitle = {Proceedings of the First ACM Workshop on Embedded Sensing Systems for Energy-Efficiency in Buildings},
 series = {BuildSys '09},
 year = {2009},
 isbn = {978-1-60558-824-7},
 location = {Berkeley, California},
 pages = {49--54},
 numpages = {6},
 doi = {10.1145/1810279.1810291},
 acmid = {1810291},
 publisher = {ACM},
 address = {New York, NY, USA},
 keywords = {energy saving, home automation, smart monitoring, user profiling, wireless sensor networks},
}

@article{Wang01111999,
author = {Wang, Shengwei and Burnett, John and Chong, Hoishing}, 
title = {Experimental Validation of CO2-Based Occupancy Detection for Demand-Controlled Ventilation},
volume = {8}, 
number = {6}, 
pages = {377-391}, 
year = {1999}, 
doi = {10.1177/1420326X9900800605},
URL = {http://ibe.sagepub.com/content/8/6/377.abstract}, 
eprint = {http://ibe.sagepub.com/content/8/6/377.full.pdf+html}, 
journal = {Indoor and Built Environment} 
}


@INPROCEEDINGS{Porcarelli13DATE,
     author = {Porcarelli, Danilo and Balsamo, Domenico and Brunelli, Davide and Paci, Giacomo},
   keywords = {active ORing, energy harvesting, energy measuring, smart metering, wireless sensor networks},
      month = mar,
      title = {Perpetual and low-cost power meter for monitoring residential and industrial appliances},
  booktitle = {Design, Automation Test in Europe Conference Exhibition (DATE), 2013},
       year = {2013},
      pages = {1155-1160},
  publisher = {EDA Consortium},
   location = {Grenoble, France},
    address = {San Jose, CA, USA},
       issn = {1530-1591},
       isbn = {978-1-4673-5071-6},
        doi = {10.7873/date.2013.241},
}



@INPROCEEDINGS{Jiang09SN,
    author = {Xiaofan Jiang and Stephen Dawson-haggerty and Prabal Dutta and David Culler},
    title = {Design and Implementation of a High-Fidelity {AC} Metering Network},
    booktitle = {In Proc. Information Processing in Sensor Networks},
    pages = {253--264},
    year = {2009}
}

@inproceedings{Rowe2010,
 author = {Rowe, Anthony and Berges, Mario and Rajkumar, Raj},
 title = {Contactless Sensing of Appliance State Transitions Through Variations in Electromagnetic Fields},
 booktitle = {Proceedings of the 2Nd ACM Workshop on Embedded Sensing Systems for Energy-Efficiency in Building},
 series = {BuildSys '10},
 year = {2010},
 isbn = {978-1-4503-0458-0},
 location = {Zurich, Switzerland},
 pages = {19--24},
 numpages = {6},
 url = {http://doi.acm.org/10.1145/1878431.1878437},
 doi = {10.1145/1878431.1878437},
 acmid = {1878437},
 publisher = {ACM},
 address = {New York, NY, USA},
 keywords = {load tree analysis, non-intrusive load monitoring},
}



@INPROCEEDINGS{Chen13ACM,
author = {Dong Chen and Sean Barker and Adarsh Subbaswamy and David Irwin and Prashant Shenoy},
title = {Non-Intrusive Occupancy Monitoring using Smart Meters},
booktitle = {Proceedings of the 5th ACM Workshop on Embedded Sensing Systems for Energy-Efficiency in Building},
pages = {1--8},
address = {New York, NY, USA},
year = {2013}
}


@inproceedings{Lu10ACM,
 author = {Lu, Jiakang and Sookoor, Tamim and Srinivasan, Vijay and Gao, Ge and Holben, Brian and Stankovic, John and Field, Eric and Whitehouse, Kamin},
 title = {The Smart Thermostat: Using Occupancy Sensors to Save Energy in Homes},
 booktitle = {Proceedings of the 8th ACM Conference on Embedded Networked Sensor Systems},
 series = {SenSys '10},
 year = {2010},
 isbn = {978-1-4503-0344-6},
 location = {Z\&\#252;rich, Switzerland},
 pages = {211--224},
 numpages = {14},
 doi = {10.1145/1869983.1870005},
 acmid = {1870005},
 publisher = {ACM},
 address = {New York, NY, USA},
 keywords = {building energy, home monitoring, programmable thermostats, wireless sensor networks},
}

%%---------------------------------------NILM

@ARTICLE{Zeifman11TCE, 
author={Zeifman, M. and Roth, K.}, 
journal={IEEE Transactions on Consumer Electronics}, 
title={Nonintrusive appliance load monitoring: Review and outlook}, 
year={2011}, 
volume={57}, 
number={1}, 
pages={76-84}, 
keywords={domestic appliances;energy management systems;power consumption;appliance power consumption information;consumer systems;disaggregation methods;energy saving;home energy management;nonintrusive appliance load monitoring;residential buildings;single-point measurements;Accuracy;Harmonic analysis;Home appliances;Monitoring;Reactive power;Training;Transient analysis;current waveform;disaggregation algorithm;energy management;signal features}, 
doi={10.1109/TCE.2011.5735484}, 
ISSN={0098-3063},}



@ARTICLE{Srinivasan06PD, 
author={Srinivasan, D. and Ng, W. S. and Liew, A.C.}, 
journal={Power Delivery, IEEE Transactions on}, 
title={Neural-network-based signature recognition for harmonic source identification}, 
year={2006}, 
month={Jan}, 
volume={21}, 
number={1}, 
pages={398-405}, 
doi={10.1109/TPWRD.2005.852370}, 
ISSN={0885-8977},}

@ARTICLE{Laughman03PEM, 
author={Laughman, C. and Kwangduk Lee and Cox, R. and Shaw, S. and Leeb, S. and Norford, L. and Armstrong, P.}, 
journal={Power and Energy Magazine, IEEE}, 
title={Power signature analysis}, 
year={2003}, 
month={Mar}, 
volume={1}, 
number={2}, 
pages={56-63}, 
doi={10.1109/MPAE.2003.1192027}, 
ISSN={1540-7977},}

@article{Farinaccio99EB,
title = "Using a pattern recognition approach to disaggregate the total electricity consumption in a house into the major end-uses ",
journal = "Energy and Buildings ",
volume = "30",
number = "3",
pages = "245 - 259",
year = "1999",
note = "",
issn = "0378-7788",
doi = "http://dx.doi.org/10.1016/S0378-7788(99)00007-9",
url = "http://www.sciencedirect.com/science/article/pii/S0378778899000079",
author = "Linda Farinaccio and Radu Zmeureanu",
keywords = "Residential buildings",
keywords = "Energy",
keywords = "Equipment",
keywords = "Monitoring",
keywords = "Field",
keywords = "Pattern recognition "
}

@INPROCEEDINGS{Prudenzi02, 
author={Prudenzi, A.}, 
booktitle={Power Engineering Society Winter Meeting, 2002. IEEE}, 
title={A neuron nets based procedure for identifying domestic appliances pattern-of-use from energy recordings at meter panel}, 
year={2002}, 
month={}, 
volume={2}, 
pages={941-946 vol.2}, 
keywords={domestic appliances;load (electric);neural nets;power consumption;power system analysis computing;power system identification;artificial neural network;daily load diagrams;daily load profiles;domestic electric appliances;electric companies;energy usage;household meters;pattern-of-use identification;Architecture;Artificial neural networks;Data mining;Energy consumption;Home appliances;Monitoring;Neurons;Shape;Testing;Turning}, 
doi={10.1109/PESW.2002.985144},}

@INPROCEEDINGS{Parson12,
author = {Oliver Parson and Siddhartha Ghosh and Mark Weal and Alex Rogers},
title = {Non-intrusive Load Monitoring using Prior Models of General Appliance Types},
booktitle = {1st International Workshop on Non-Intrusive Load Monitoring},
pages = {356-362},
address = {Pittsburgh, PA, USA},
year = {2012}
}

@INPROCEEDINGS{Kim11ICDM,
author = {Hyungsul Kim and Manish Marwah and Martin Arlitt and Geoff Lyon and Jiawei Han},
title = {Unsupervised Disaggregation of Low Frequency Power Measurements},
booktitle = {11th International Conference on Data Mining},
pages = {747-758},
address = {Arizona, USA},
year = {2011}
}

@inproceedings{Jung2010,
 author = {Jung, Deokwoo and Savvides, Andreas},
 title = {Estimating Building Consumption Breakdowns Using ON/OFF State Sensing and Incremental Sub-meter Deployment},
 booktitle = {Proceedings of the 8th ACM Conference on Embedded Networked Sensor Systems},
 series = {SenSys '10},
 year = {2010},
 isbn = {978-1-4503-0344-6},
 location = {Z\&\#252;rich, Switzerland},
 pages = {225--238},
 numpages = {14},
 url = {http://doi.acm.org/10.1145/1869983.1870006},
 doi = {10.1145/1869983.1870006},
 acmid = {1870006},
 publisher = {ACM},
 address = {New York, NY, USA},
 keywords = {electric load estimation, electricity consumption monitoring, energy breakdowns},
}

@INPROCEEDINGS{Batra2013, 
author={Batra, N. and Dutta, H. and Singh, A.}, 
booktitle={Machine Learning and Applications (ICMLA), 2013 12th International Conference on}, 
title={INDiC: Improved Non-intrusive Load Monitoring Using Load Division and Calibration}, 
year={2013}, 
volume={1}, 
pages={79-84}, 
keywords={building management systems;calibration;combinatorial mathematics;domestic appliances;monitoring;optimisation;power consumption;INDiC based combinatorial optimization;REDD dataset;appliance level consumption;electricity consumption reduction;energy management;improved nonintrusive load monitoring;load calibration;load division;residential buildings;smart monitoring;Calibration;Hidden Markov models;Load modeling;Optimization;Power measurement;Refrigerators;building systems;load disaggregation;machine learning;non-intrusive load monitoring}, 
doi={10.1109/ICMLA.2013.21}, 
month={Dec},}

@article{Beckel2012,
 author = {Beckel, Christian and Kleiminger, Wilhelm and Staake, Thorsten and Santini, Silvia},
 title = {Improving Device-level Electricity Consumption Breakdowns in Private Households Using ON/OFF Events},
 journal = {SIGBED Rev.},
 issue_date = {July 2012},
 volume = {9},
 number = {3},
 month = jul,
 year = {2012},
 issn = {1551-3688},
 pages = {32--38},
 numpages = {7},
 url = {http://doi.acm.org/10.1145/2367580.2367586},
 doi = {10.1145/2367580.2367586},
 acmid = {2367586},
 publisher = {ACM},
 address = {New York, NY, USA},
}



@incollection{Kolter10,
title = {Energy Disaggregation via Discriminative Sparse Coding},
author = {J. Z. Kolter and Siddharth Batra and Andrew Y. Ng},
booktitle = {Advances in Neural Information Processing Systems 23},
editor = {J.D. Lafferty and C.K.I. Williams and J. Shawe-Taylor and R.S. Zemel and A. Culotta},
pages = {1153--1161},
year = {2010},
publisher = {Curran Associates, Inc.},
url = {http://papers.nips.cc/paper/4054-energy-disaggregation-via-discriminative-sparse-coding.pdf}
}

@INPROCEEDINGS{Gupta10,
    author = {Sidhant Gupta and Matthew S. Reynolds and Shwetak N. Patel},
    title = {ElectriSense: Single-Point Sensing Using EMI for Electrical Event Detection and Classification in the Home},
    booktitle = {In Proceedings of the 12th ACM International Conference on Ubiquitous Computing},
    year = {2010},
    pages = {139--148},
    address = {Copenhagen, Denmark}
}

@INPROCEEDINGS{Liao14,
    author = {Jing Liao and Georgia Elafoudi and Lina Stankovic and Vladimir Stankovic},
    title = {Non-intrusive appliance load monitoring using low-resolution smart meter data},
    booktitle = {In Proceedings of the 5th Annual IEEE International Conference on Smart Grid Communications},
    year = {2014},
    pages = {541--546},
    address = {Venice, Italy}
}

@misc{Netvok,
  howpublished = {\url{http://www.netvox.com.tw/Z-800.asp}},
}



@INPROCEEDINGS{Agarwal11ACM,
  author = {Agarwal, Yuvraj and Gupta, Rajesh and Weng, Thomas and Balaji, Bharathan andx Dutta, Bharathan},
  title = {Duty-Cycling Buildings Aggressively: The Next Frontier in {HVAC} Control},
  booktitle = {IEEE/ACM Information Processor in Sensor Networks},
  pages = {246--257},
  month = {April},
  year = {2011},
  address = {Chicago, IL, USA}
}

@INPROCEEDINGS{Porcarelli13DATE,
     author = {Porcarelli, Danilo and Balsamo, Domenico and Brunelli, Davide and Paci, Giacomo},
   keywords = {active ORing, energy harvesting, energy measuring, smart metering, wireless sensor networks},
      month = mar,
      title = {Perpetual and low-cost power meter for monitoring residential and industrial appliances},
  booktitle = {Design, Automation Test in Europe Conference Exhibition (DATE), 2013},
       year = {2013},
      pages = {1155-1160},
  publisher = {EDA Consortium},
   location = {Grenoble, France},
    address = {San Jose, CA, USA},
       issn = {1530-1591},
       isbn = {978-1-4673-5071-6},
        doi = {10.7873/date.2013.241},
}

@ARTICLE{Weng12DTC, 
author={Weng, T. and Agarwal, Y.}, 
journal={Design Test of Computers, IEEE}, 
title={From Buildings to Smart Buildings-Sensing and Actuation to Improve Energy Efficiency}, 
year={2012}, 
volume={29}, 
number={4}, 
pages={36-44}, 
keywords={HVAC;energy conservation;intelligent actuators;intelligent sensors;intelligent structures;structural engineering;HVAC system;IT equipment;actuation framework;commercial buildings;energy efficiency;energy footprint reduction;energy savings;energy use breakdown;modern building;plug loads;smart buildings;Green buildings;Sensors;Servers;Smart buildings;Wireless communication;Wireless sensor networks;Energy-aware Buildings;Smart-Buidlings}, 
doi={10.1109/MDT.2012.2211855}, 
ISSN={0740-7475},
}


@INPROCEEDINGS{Kim09Ubicomp,
    author = {Younghun Kim and Thomas Schmid and Zainul M. Charbiwala and Mani B. Srivastava},
    title = {ViridiScope: Design and Implementation of a Fine Grained Power Monitoring System for Homes},
    booktitle = {Proc. Ubicomp09},
    pages = {245--254},
    year = {2009}
}



@INPROCEEDINGS{Agarwal10BuildSys,
    author = {Yuvraj Agarwal and Bharathan Balaji and Rajesh Gupta and Jacob Lyles and Michael Wei and Thomas Weng},
    title = {Occupancy-driven energy management for smart building automation},
    booktitle = {Proceedings of the 2nd ACM Workshop on Embedded Sensing Systems for Energy-Efficiency in Building},
    address = {New York, NY, USA},
    pages = {1--6},
    year = {2010}
}


@inproceedings{Patel07ICUC,
 author = {Patel, Shwetak N. and Robertson, Thomas and Kientz, Julie A. and Reynolds, Matthew S. and Abowd, Gregory D.},
 title = {At the Flick of a Switch: Detecting and Classifying Unique Electrical Events on the Residential Power Line},
 booktitle = {Proceedings of the 9th International Conference on Ubiquitous Computing},
 series = {UbiComp '07},
 year = {2007},
 isbn = {978-3-540-74852-6},
 location = {Innsbruck, Austria},
 pages = {271--288},
 numpages = {18},
 acmid = {1771608},
 publisher = {Springer-Verlag},
 address = {Berlin, Heidelberg},
}



@article{Martani12EB,
title = {ENERNET: Studying the dynamic relationship between building occupancy and energy consumption },
journal = {Energy and Buildings },
volume = {47},
number = {0},
pages = {584 - 591},
year = {2012},
note = { },
issn = {0378-7788},
doi = {http://dx.doi.org/10.1016/j.enbuild.2011.12.037},
author = {Claudio Martani and David Lee and Prudence Robinson and Rex Britter and Carlo Ratti},
}


@article{Norford96,
title = "Non-intrusive electrical load monitoring in commercial buildings based on steady-state and transient load-detection algorithms ",
journal = "Energy and Buildings ",
volume = "24",
number = "1",
pages = "51 - 64",
year = "1996",
note = "",
issn = "0378-7788",
doi = "http://dx.doi.org/10.1016/0378-7788(95)00958-2",
author = "Leslie K. Norford and Steven B. Leeb",
keywords = "Electrical load monitoring",
keywords = "Commercial buildings",
keywords = "Load-detection algorithms "
}

@ARTICLE{Hart92, 
author={Hart, G.W.}, 
journal={Proceedings of the IEEE}, 
title={Nonintrusive appliance load monitoring}, 
year={1992}, 
month={Dec}, 
volume={80}, 
number={12}, 
pages={1870-1891}, 
keywords={load (electric);monitoring;power consumption;power system measurement;appliance load monitoring;appliance signatures;current;electric load;energy consumption;load models;nonintrusive monitor;voltage;Current measurement;Electric variables measurement;Energy consumption;Energy measurement;Home appliances;Load modeling;Monitoring;Power measurement;Turning;Voltage}, 
doi={10.1109/5.192069}, 
ISSN={0018-9219},}

@INPROCEEDINGS{Cole98IMTC, 
author={Cole, A.I. and Albicki, A.}, 
booktitle={Instrumentation and Measurement Technology Conference, 1998. IMTC/98. Conference Proceedings. IEEE}, 
title={Data extraction for effective non-intrusive identification of residential power loads}, 
year={1998}, 
month={May}, 
volume={2}, 
pages={812-815 vol.2}, 
keywords={feature extraction;identification;load (electric);power consumption;power engineering computing;power system measurement;power system transients;FIR filters;current sampling;data extraction;effective nonintrusive identification;energy consumption;feature extraction;load identification algorithm;multiple electrical loads;power metering socket;residential power loads;switching patterns;voltage sampling;Computer vision;Data mining;Energy consumption;Feature extraction;Finite impulse response filter;Heat pumps;Monitoring;Reactive power;Steady-state;Wavelet transforms}, 
doi={10.1109/IMTC.1998.676838}, 
ISSN={1091-5281},}

@article{Marceau2000ECM,
title = "Nonintrusive load disaggregation computer program to estimate the energy consumption of major end uses in residential buildings ",
journal = "Energy Conversion and Management ",
volume = "41",
number = "13",
pages = "1389 - 1403",
year = "2000",
note = "",
issn = "0196-8904",
doi = "http://dx.doi.org/10.1016/S0196-8904(99)00173-9",
author = "M.L. Marceau and R. Zmeureanu",
keywords = "Residential buildings",
keywords = "Energy",
keywords = "Equipment",
keywords = "Monitoring",
keywords = "Field",
keywords = "Computer program "
}

@ARTICLE{Leeb95PD, 
author={Leeb, S.B. and Shaw, S.R. and Kirtley, J.L., Jr.}, 
journal={Power Delivery, IEEE Transactions on}, 
title={Transient event detection in spectral envelope estimates for nonintrusive load monitoring}, 
year={1995}, 
month={Jul}, 
volume={10}, 
number={3}, 
pages={1200-1210}, 
keywords={building wiring;industrial power systems;instruments;load (electric);measurement theory;power system measurement;power system transients;algorithm;building;commercial site;electric utility service entry;industrial site;measurements;nonintrusive load monitoring;performance;power system;spectral envelope estimates;spectral preprocessor;transient event detection;Detectors;Electric variables measurement;Electromagnetic transients;Event detection;Job shop scheduling;Load management;Monitoring;Power industry;Power system transients;Prototypes}, 
doi={10.1109/61.400897}, 
ISSN={0885-8977},}

@INPROCEEDINGS{Kolter11redd,
    author = {J. Zico Kolter and Matthew J. Johnson},
    title = {{REDD}: A Public Data Set for Energy Disaggregation Research},
    booktitle = {in Sust{KDD}},
    year = {2011}
}

@ARTICLE{Jung2014,
 author = {Jung, Deokwoo and Savvides, Andreas},
 title = {Theory and Algorithm of Estimating Energy Consumption Breakdowns Using ON/OFF State Sensing},
 journal = {ACM Trans. Sen. Netw.},
 issue_date = {November 2014},
 volume = {11},
 number = {1},
 month ={ sep},
 year = {2014},
 issn = {1550-4859},
 pages = {5:1--5:36},
 articleno = {5},
 numpages = {36},
 url = {http://doi.acm.org/10.1145/2630880},
 doi = {10.1145/2630880},
 acmid = {2630880},
 publisher = {ACM},
 address = {New York, NY, USA},
 keywords = {Nonintrusive load monitoring, adaptive data selection, constrained convex optimization, continuous time Markov chain},
}


@inproceedings{Berges10, 
 address = {Nottingham, {UK}},
  title = {Leveraging Data From Environmental Sensors to Enhance Electrical Load Disaggregation Algorithms},
  booktitle = {Proceedings of the 13th International Conference on Computing in Civil and Building Engineering},
  author = {Berges, Mario and Soibelman, Lucio and Matthews, H. Scott},
  month ={ jun}, 
  year = {2010},
  url = {http://www.marioberges.com/pubs/2010_berges_icccbe.pdf}, 
  }
  
 @inproceedings{Berges11,
 author = {Berges, Mario and Rowe, Anthony},
 title = {Appliance Classification and Energy Management Using Multi-modal Sensing},
 booktitle = {Proceedings of the Third ACM Workshop on Embedded Sensing Systems for Energy-Efficiency in Buildings},
 series = {BuildSys '11},
 year = {2011},
 isbn = {978-1-4503-0749-9},
 location = {Seattle, Washington},
 pages = {51--52},
 numpages = {2},
 url = {http://doi.acm.org/10.1145/2434020.2434037},
 doi = {10.1145/2434020.2434037},
 acmid = {2434037},
 publisher = {ACM},
 address = {New York, NY, USA},
}

  
  
  %% --------------------------------------------HMM
  
@techreport{Ghahramani:1996:FHM:889125,
 author = {Ghahramani, Zoubin and Jordan, Michael I.},
 title = {Factorial Hidden Markov Models},
 year = {1996},
 source = {http://www.ncstrl.org:8900/ncstrl/servlet/search?formname=detail\&id=oai%3Ancstrlh%3Amitai%3AMIT-AILab%2F%2FAIM-1561},
 publisher = {Massachusetts Institute of Technology},
 address = {Cambridge, MA, USA},
}

@article{Ghahramani:1997:FHM:274158.274165,
 author = {Ghahramani, Zoubin and Jordan, Michael I.},
 title = {Factorial Hidden Markov Models},
 journal = {Mach. Learn.},
 issue_date = {Nov./Dec. 1997},
 volume = {29},
 number = {2-3},
 month = nov,
 year = {1997},
 issn = {0885-6125},
 pages = {245--273},
 numpages = {29},
 url = {http://dx.doi.org/10.1023/A:1007425814087},
 doi = {10.1023/A:1007425814087},
 acmid = {274165},
 publisher = {Kluwer Academic Publishers},
 address = {Hingham, MA, USA},
 keywords = {Bayesian networks, EM algorithm, Hidden Markov models, graphical models, mean field theory, time series},
}

%% ----------------------------------------------------------------- Smart Grid and Powerline communications

@article{Berger2013,
 author = {Berger, L.T. and Schwager, A. and Escudero-Garzas, J.J.},
 title = {Power Line Communications for Smart Grid Applications},
 journal = {Journal of Electrical and Computer Engineering},
 volume = {2013},
 year = {2013},
 numpages = {16},
 url = {http://dx.doi.org/10.1155/2013/712376},
 acmid = {712376},
 keywords = {Bayesian networks, EM algorithm, Hidden Markov models, graphical models, mean field theory, time series},
}

@ARTICLE{Galli5768099, 
author={Galli, S. and Scaglione, A. and Zhifang Wang}, 
journal={Proceedings of the IEEE}, 
title={For the Grid and Through the Grid: The Role of Power Line Communications in the Smart Grid}, 
year={2011}, 
volume={99}, 
number={6}, 
pages={998-1027}, 
keywords={carrier transmission on power lines;power system control;power system planning;smart power grids;PLC;engineering modeling;fading models;network control;network planning;power distribution network;power line communications;sensor networking;smart grid control;traffic modeling problem;Multiaccess communication;Power demand;Power line communications;Power transmission lines;Smart grids;Cyber-physical systems;power grid;power line channel;power line communications (PLC);smart grid}, 
doi={10.1109/JPROC.2011.2109670}, 
ISSN={0018-9219}, 
month={June},}

@ARTICLE{Gungor6011696, 
author={Gungor, V.C. and Sahin, D. and Kocak, T. and Ergut, S. and Buccella, C. and Cecati, C. and Hancke, G.P.}, 
journal={Industrial Informatics, IEEE Transactions on}, 
title={Smart Grid Technologies: Communication Technologies and Standards}, 
year={2011}, 
volume={7}, 
number={4}, 
pages={529-539}, 
keywords={computer networks;information technology;power engineering computing;smart power grids;telecommunication standards;communication infrastructure;communication standards;communication technologies;electrical power grid;information and communication technology issues;smart grid communication;smart grid technology;Communications technology;Power system reliability;Power system security;Quality of service;Smart grids;Standards;Advanced metering infrastructure (AMI);communication technologies;quality-of-service (QoS);smart grid;standards}, 
doi={10.1109/TII.2011.2166794}, 
ISSN={1551-3203}, 
month={Nov},}

@INPROCEEDINGS{Galli5622060, 
author={Galli, S. and Scaglione, A. and Zhifang Wang}, 
booktitle={Smart Grid Communications (SmartGridComm), 2010 First IEEE International Conference on}, 
title={Power Line Communications and the Smart Grid}, 
year={2010}, 
pages={303-308}, 
keywords={carrier transmission on power lines;smart power grids;PLC;communication technology;distributed control;networking technology;power distribution network;power grid;power line communications;sensor networking;smart grid design;Availability;Home appliances;Network topology;Niobium;Substations;Topology;Wireless communication}, 
doi={10.1109/SMARTGRID.2010.5622060}, 
month={Oct},}

@misc{smartgrid,
  howpublished = {\url{https://www.smartgrid.gov/}},
}

@misc{sba,
  howpublished = {\url{http://fr.nec.com/}},
}

@book{Olson2008,
author={Olson, D.L. and Delen, D.},
title={Advanced Data Mining Techniques},
publisher={Springer},
year={2008}
}

@misc{Netvok,
  howpublished = {\url{http://www.netvox.com.tw/Z-800.asp}},
}

@misc{Athemium,
  howpublished = {\url{http://athemium.org/}},
}

@misc{Wattseeker,
  howpublished = {\url{http://qualisteo.com/}},
}

@misc{smartanalyzer,
  howpublished = {\url{http://smart-impulse.com/}},
}


@TECHREPORT{Lagoudakis96the0-1,
    author = {Michail G. Lagoudakis},
    title = {The 0-1 Knapsack Problem -- An Introductory Survey },
    institution = { },
    year = {1996}
}

@TECHREPORT{Bean88,
  AUTHOR =        {James C. Bean},
  TITLE =         {Multiple choice {Knapsack} functions},
  INSTITUTION =   {Department of Industrial and Operations Engineering, The University of Michigan},
  ADDRESS =       {Ann, Arbor, MI 48109-2117},
  KEYWORDS =      {},
  NOTE =          {},
  MONTH =         {January},
  YEAR  =         {1988},
}
@ARTICLE{Shojaei13, 
author={Shojaei, H. and Basten, T. and Geilen, M. and Davoodi, A.}, 
journal={ACM Transactions on Design Automation of Electronic Systems}, 
title={A Fast and Scalable Multidimensional Multiple-Choice Knapsack Heuristic}, 
year={2013}, 
month={Oct.}, 
volume={18}, 
number={4},  
}

@article{DYER1984231,
title = "A branch and bound algorithm for solving the multiple-choice knapsack problem",
journal = "Journal of Computational and Applied Mathematics",
volume = "11",
number = "2",
pages = "231 -- 249",
year = "1984",
note = "",
issn = "0377-0427",
doi = "http://dx.doi.org/10.1016/0377-0427(84)90023-2",
url = "http://www.sciencedirect.com/science/article/pii/0377042784900232",
author = "M.E. Dyer and N. Kayal and J. Walker",
keywords = "Integer-programs",
keywords = "branch-and-bound",
keywords = "multiple-choice constraints",
keywords = "knapsack problem"
}

@article{Martello99,
author = "Silvano Martello and David Pisinger and Paolo Toth",
title = "Dynamic Programming and Strong Bounds for the 0-1 Knapsack Problem",
journal = "Management Science",
volume = "45",
number = "3",
pages = "414--424",
year = "1999",
doi = "10.1287/mnsc.45.3.414",
URL = "http://dx.doi.org/10.1287/mnsc.45.3.414",
eprint = "http://dx.doi.org/10.1287/mnsc.45.3.414"
}

@article{Martello1980276,
title = "Solution of the zero-one multiple knapsack problem ",
journal = "European Journal of Operational Research ",
volume = "4",
number = "4",
pages = "276 -- 283",
year = "1980",
note = "Combinational Optimization ",
issn = "0377-2217",
doi = "http://dx.doi.org/10.1016/0377-2217(80)90112-5",
url = "http://www.sciencedirect.com/science/article/pii/0377221780901125",
author = "Silvano Martello and Paolo Toth"
}

@ARTICLE{Shojaei13, 
author="Shojaei, H. and Basten, T. and Geilen, M. and Davoodi, A.", 
journal="{ACM} Transactions on Design Automation of Electronic Systems", 
title="A Fast and Scalable Multidimensional Multiple-Choice Knapsack Heuristic", 
year="2013", 
month="Oct.", 
volume="18", 
number="4",  
}

@Article{Toth79,
author="Toth, P.",
title="Dynamic programming algorithms for the Zero-One Knapsack Problem",
journal="Computing",
volume="25",
number="1",
pages="29--45",
issn="1436-5057",
doi="10.1007/BF02243880",
url="http://dx.doi.org/10.1007/BF02243880"
}

@INPROCEEDINGS{Shojaei5227146, 
author="H. Shojaei and A. Ghamarian and T. Basten and M. Geilen and S. Stuijk and R. Hoes", 
booktitle="46th {ACM/IEEE} Design Automation Conference ({DAC '09})",
title="A parameterized compositional multi-dimensional multiple-choice knapsack heuristic for {CMP} run-time management", 
year="2009", 
pages="917-922",
doi="10.1145/1629911.1630147", 
ISSN="0738-100X", 
month="Jul.",
}


% new added 2016

@inproceedings{TangW16,
  author    = {Guoming Tang and
               Kui Wu},
  title     = {A framework for occupancy-aided energy disaggregation},
  booktitle = {Proceedings of the Seventh International Conference on Future Energy
               Systems, Waterloo, ON, Canada, June 21 - 24, 2016 - Poster Sessions},
  pages     = {2:1--2:2},
  year      = {2016},
  crossref  = {DBLP:conf/eenergy/2016p},
  url       = {http://doi.acm.org/10.1145/2939912.2939914},
  doi       = {10.1145/2939912.2939914},
  timestamp = {Thu, 14 Jul 2016 16:30:07 +0200},
  biburl    = {http://dblp2.uni-trier.de/rec/bib/conf/eenergy/TangW16},
  bibsource = {dblp computer science bibliography, http://dblp.org}
}


@inproceedings{KellyK15,
 author = {Kelly, Jack and Knottenbelt, William},
 title = {Neural NILM: Deep Neural Networks Applied to Energy Disaggregation},
 booktitle = {Proceedings of the 2Nd ACM International Conference on Embedded Systems for Energy-Efficient Built Environments},
 series = {BuildSys'15},
 year = {2015},
 isbn = {978-1-4503-3981-0},
 location = {Seoul, South Korea},
 pages = {55--64},
 numpages = {10},
 url = {http://doi.acm.org/10.1145/2821650.2821672},
 doi = {10.1145/2821650.2821672},
 acmid = {2821672},
 publisher = {ACM},
 address = {New York, NY, USA},
}


@Article{UK-DALE,
  title        = {The {UK-DALE} dataset, domestic appliance-level
                  electricity demand and whole-house demand from five {UK} homes},
  author       = {Jack Kelly and William Knottenbelt},
  journal      = {Scientific Data},
  year         = {2015},
  date         = {2015/03/31},
  number       = {150007},
  volume       = {2},
  doi          = {10.1038/sdata.2015.7}
}


@article{Hochreiter97,
 author = {Hochreiter, Sepp and Schmidhuber, J\"{u}rgen},
 title = {Long Short-Term Memory},
 journal = {Neural Comput.},
 issue_date = {November 15, 1997},
 volume = {9},
 number = {8},
 month = {Nov.},
 year = {1997},
 issn = {0899-7667},
 pages = {1735--1780},
 numpages = {46},
 url = {http://dx.doi.org/10.1162/neco.1997.9.8.1735},
 doi = {10.1162/neco.1997.9.8.1735},
 acmid = {1246450},
 publisher = {MIT Press},
 address = {Cambridge, MA, USA},
}

@inproceedings{Vincent08,
 author = {Vincent, Pascal and Larochelle, Hugo and Bengio, Yoshua and Manzagol, Pierre-Antoine},
 title = {Extracting and Composing Robust Features with Denoising Autoencoders},
 booktitle = {Proceedings of the 25th International Conference on Machine Learning},
 series = {ICML '08},
 year = {2008},
 isbn = {978-1-60558-205-4},
 location = {Helsinki, Finland},
 pages = {1096--1103},
 numpages = {8},
 url = {http://doi.acm.org/10.1145/1390156.1390294},
 doi = {10.1145/1390156.1390294},
 acmid = {1390294},
 publisher = {ACM},
 address = {New York, NY, USA},
}


@ARTICLE{Batra14,
author = {Batra, N. and Kelly, J. and Parson, O. and Dutta, H. and 
	Knottenbelt, W. and Rogers, A. and Singh, A. and Srivastava, M.
	},
title = "{NILMTK}: An Open Source Toolkit for Non-intrusive Load Monitoring",
journal = {ArXiv e-prints},
archivePrefix = "arXiv",
eprint = {1404.3878},
primaryClass = "stat.AP",
keywords = {Statistics - Applications},
year = {2014},
month = {Apr.},
adsurl = {http://adsabs.harvard.edu/abs/2014arXiv1404.3878B},
  adsnote = {Provided by the SAO/NASA Astrophysics Data System}
}



@INPROCEEDINGS{Yang07, 
author={H. T. Yang and H. H. Chang and C. L. Lin}, 
booktitle={2007 11th International Conference on Computer Supported Cooperative Work in Design}, 
title={Design a Neural Network for Features Selection in Non-intrusive Monitoring of Industrial Electrical Loads}, 
year={2007}, 
pages={1022-1027}, 
doi={10.1109/CSCWD.2007.4281579}, 
month={Apr.},
}

@INPROCEEDINGS{Lin10, 
author={Y. H. Lin and M. S. Tsai}, 
booktitle={2010 International Symposium on Computer, Communication, Control and Automation (3CA)}, 
title={A novel feature extraction method for the development of nonintrusive load monitoring system based on BP-ANN}, 
year={2010}, 
volume={2}, 
pages={215-218}, 
doi={10.1109/3CA.2010.5533571}, 
ISSN={2324-7983}, 
month={May},
}


@INPROCEEDINGS{Chang11, 
author={H. H. Chang and P. C. Chien and L. S. Lin and N. Chen}, 
booktitle={e-Business Engineering (ICEBE), 2011 IEEE 8th International Conference on}, 
title={Feature Extraction of Non-intrusive Load-Monitoring System Using Genetic Algorithm in Smart Meters}, 
year={2011}, 
pages={299-304}, 
doi={10.1109/ICEBE.2011.48}, 
month={Oct.},
}


@INPROCEEDINGS{Ruzzelli10, 
author={A. G. Ruzzelli and C. Nicolas and A. Schoofs and G. M. P. O'Hare}, 
booktitle={2010 7th Annual IEEE Communications Society Conference on Sensor, Mesh and Ad Hoc Communications and Networks (SECON)}, 
title={Real-Time Recognition and Profiling of Appliances through a Single Electricity Sensor}, 
year={2010}, 
pages={1-9}, 
doi={10.1109/SECON.2010.5508244}, 
ISSN={2155-5486}, 
month={Jun.},
}


@ARTICLE{Shaw08, 
author={S. R. Shaw and S. B. Leeb and L. K. Norford and R. W. Cox}, 
journal={IEEE Transactions on Instrumentation and Measurement}, 
title={Nonintrusive Load Monitoring and Diagnostics in Power Systems},
year={2008}, 
volume={57}, 
number={7}, 
pages={1445-1454},
doi={10.1109/TIM.2008.917179}, 
ISSN={0018-9456}, 
month={Jul.},
}

@INPROCEEDINGS{Jia15, 
author={R. Jia and Y. Gao and C. J. Spanos}, 
booktitle={2015 IEEE International Conference on Smart Grid Communications (SmartGridComm)}, 
title={A fully unsupervised non-intrusive load monitoring framework}, 
year={2015}, 
pages={872-878},
doi={10.1109/SmartGridComm.2015.7436411}, 
month={Nov.},
}

@INPROCEEDINGS{Ridi15, 
author={A. Ridi and C. Gisler and J. Hennebert}, 
booktitle={Pervasive Computing and Communication Workshops (PerCom Workshops), 2015 IEEE International Conference on}, 
title={User interaction event detection in the context of appliance monitoring}, 
year={2015}, 
pages={323-328}, 
doi={10.1109/PERCOMW.2015.7134056}, 
month={Mar.},
}

@INPROCEEDINGS{Ridi14, 
author={A. Ridi and C. Gisler and J. Hennebert}, 
booktitle={Data Science and Advanced Analytics (DSAA), 2014 International Conference on}, 
title={Appliance and state recognition using Hidden Markov Models}, 
year={2014}, 
pages={270-276}, 
doi={10.1109/DSAA.2014.7058084}, 
month={Oct.},
}

@INPROCEEDINGS{Nambi13, 
author={S. N. Akshay Uttama Nambi and T. G. Papaioannou and D. Chakraborty and K. Aberer}, 
booktitle={Computer Communications Workshops (INFOCOM WKSHPS), 2013 IEEE Conference on}, 
title={Sustainable energy consumption monitoring in residential settings}, 
year={2013}, 
pages={1-6}, 
doi={10.1109/INFCOMW.2013.6562866}, 
month={Apr.},
}

@INPROCEEDINGS{Lukaszewski13, 
author={R. Lukaszewski and K. Liszewski and W. Winiecki}, 
booktitle={Intelligent Data Acquisition and Advanced Computing Systems (IDAACS), 2013 IEEE 7th International Conference on}, 
title={Methods of electrical appliances identification in systems monitoring electrical energy consumption}, 
year={2013}, 
volume={01}, 
pages={10-14}, 
doi={10.1109/IDAACS.2013.6662630}, 
month={Sep.},
}

@INPROCEEDINGS{Zoha13, 
author={A. Zoha and A. Gluhak and M. Nati and M. A. Imran}, 
booktitle={Intelligent Sensors, Sensor Networks and Information Processing, 2013 IEEE Eighth International Conference on}, 
title={Low-power appliance monitoring using Factorial Hidden Markov Models}, 
year={2013}, 
pages={527-532}, 
doi={10.1109/ISSNIP.2013.6529845}, 
month={Apr.},
}

@Article{Zoha12,
AUTHOR = {Zoha, Ahmed and Gluhak, Alexander and Imran, Muhammad Ali and Rajasegarar, Sutharshan},
TITLE = {Non-Intrusive Load Monitoring Approaches for Disaggregated Energy Sensing: A Survey},
JOURNAL = {Sensors},
VOLUME = {12},
YEAR = {2012},
NUMBER = {12},
PAGES = {16838},
URL = {http://www.mdpi.com/1424-8220/12/12/16838},
PubMedID = {23223081},
ISSN = {1424-8220},
DOI = {10.3390/s121216838},
}

@INPROCEEDINGS{Baranski03, 
author={M. Baranski and Voss J}, 
booktitle={Power Tech Conference Proceedings, 2003 IEEE Bologna}, 
title={Nonintrusive appliance load monitoring based on an optical sensor}, 
year={2003}, 
volume={4}, 
pages={8 pp. Vol.4-}, 
doi={10.1109/PTC.2003.1304732}, 
month={Jun.},
}

@INPROCEEDINGS{Najmeddine08, 
author={H. Najmeddine and K. El Khamlichi Drissi and C. Pasquier and C. Faure and K. Kerroum and A. Diop and T. Jouannet and M. Michou}, 
booktitle={Power and Energy Conference, 2008. PECon 2008. IEEE 2nd International}, 
title={State of art on load monitoring methods}, 
year={2008}, 
pages={1256-1258}, 
doi={10.1109/PECON.2008.4762669}, 
month={Dec.},
}

@Article{Figueiredo11,
author="M. Figueiredo, A. de Almeida, B. Ribeiro",
title="An Experimental Study on Electrical Signature Identification of Non-Intrusive Load Monitoring {(NILM)} Systems",
journal="Adaptive and Natural Computing Algorithms",
pages="31--40",
issn="0302-9743",
doi="10.1007/978-3-642-20267-4_4",
publisher="Springer Berlin Heidelberg",
}

@article{Drenker99,
  title={Nonintrusive monitoring of electric loads},
  author={Drenker, Steven and Kader, Ab},
  journal={IEEE Computer Applications in Power},
  volume={12},
  number={4},
  pages={47--51},
  year={1999},
  publisher={IEEE}
}


@ARTICLE{Hazas11, 
author={M. Hazas and A. Friday and J. Scott}, 
journal={IEEE Pervasive Computing}, 
title={Look Back before Leaping Forward: Four Decades of Domestic Energy Inquiry}, 
year={2011}, 
volume={10}, 
number={1}, 
pages={13-19}, 
doi={10.1109/MPRV.2010.89}, 
ISSN={1536-1268}, 
month={Jan.},
}

@ARTICLE{Liang10I, 
author={J. Liang and S. K. K. Ng and G. Kendall and J. W. M. Cheng}, 
journal={IEEE Transactions on Power Delivery}, 
title={Load Signature Study Part I: Basic Concept, Structure, and Methodology}, 
year={2010}, 
volume={25}, 
number={2}, 
pages={551-560}, 
ISSN={0885-8977}, 
month={Apr.},
}

@INPROCEEDINGS{Cole2000, 
author={A. Cole and A. Albicki}, 
booktitle={Instrumentation and Measurement Technology Conference, 2000. IMTC 2000. Proceedings of the 17th IEEE}, 
title={Nonintrusive identification of electrical loads in a three-phase environment based on harmonic content}, 
year={2000}, 
volume={1}, 
pages={24-29 vol.1}, 
doi={10.1109/IMTC.2000.846806}, 
ISSN={1091-5281}, 
month={May},
}

@INPROCEEDINGS{Suzuki08, 
author={Kosuke Suzuki and Shinkichi Inagaki and Tatsuya Suzuki and Hisahide Nakamura and Koichi Ito}, 
booktitle={SICE Annual Conference, 2008}, 
title={Nonintrusive appliance load monitoring based on integer programming}, 
year={2008}, 
pages={2742-2747}, 
doi={10.1109/SICE.2008.4655131}, 
month={Aug.},
}

@INPROCEEDINGS{Li12, 
author={J. Li and S. West and G. Platt}, 
booktitle={Modelling, Identification Control (ICMIC), 2012 Proceedings of International Conference on}, 
title={Power decomposition based on SVM regression}, 
year={2012}, 
pages={1195-1199}, 
keywords={Power Decomposition;Power Load Classification;Power Load Signature;SVM Regression}, 
month={Jun.},
}

@INPROCEEDINGS{Lee04, 
author={W. K. Lee , G. S. K. Fung , H. Y. Lam , F. H. Y. Chan , M. Lucente}, 
booktitle={Proceeding of International Conference on Electrical Engineering (ICEE)}, 
title={Exploration on Load Signatures}, 
year={2004}, 
pages={1-5}, 
month={Jul.},
address = {Sapporo, Japan},
}

@ARTICLE{Lam07, 
author={H. Y. Lam and G. S. K. Fung and W. K. Lee}, 
journal={IEEE Transactions on Consumer Electronics}, 
title={A Novel Method to Construct Taxonomy Electrical Appliances Based on Load Signaturesof}, 
year={2007}, 
volume={53}, 
number={2}, 
pages={653-660}, 
doi={10.1109/TCE.2007.381742}, 
ISSN={0098-3063}, 
month={May},
}

@Inbook{Chang08,
author="Chang, Hsueh-Hsien
and Yang, Hong-Tzer
and Lin, Ching-Lung",
editor="Shen, Weiming
and Yong, Jianming
and Yang, Yun
and Barth{\`e}s, Jean-Paul A.
and Luo, Junzhou",
title="Load Identification in Neural Networks for a Non-intrusive Monitoring of Industrial Electrical Loads",
bookTitle="Computer Supported Cooperative Work in Design IV: 11th International Conference, CSCWD 2007, Melbourne, Australia, April 26-28, 2007. Revised Selected Papers",
year="2008",
publisher="Springer Berlin Heidelberg",
address="Berlin, Heidelberg",
pages="664--674",
isbn="978-3-540-92719-8",
doi="10.1007/978-3-540-92719-8_60",
url="http://dx.doi.org/10.1007/978-3-540-92719-8_60"
}

@ARTICLE{Lee05, 
author={K. D. Lee and S. B. Leeb and L. K. Norford and P. R. Armstrong and J. Holloway and S. R. Shaw}, 
journal={IEEE Transactions on Energy Conversion}, 
title={Estimation of Variable-Speed-Drive Power Consumption From Harmonic Content}, 
year={2005}, 
volume={20}, 
number={3}, 
pages={566-574}, 
doi={10.1109/TEC.2005.852963}, 
ISSN={0885-8969}, 
month={Sep.},}

@ARTICLE{Wichakool09, 
author={W. Wichakool and A. T. Avestruz and R. W. Cox and S. B. Leeb}, 
journal={IEEE Transactions on Power Electronics}, 
title={Modeling and Estimating Current Harmonics of Variable Electronic Loads}, 
year={2009}, 
volume={24}, 
number={12}, 
pages={2803-2811}, 
doi={10.1109/TPEL.2009.2029231}, 
ISSN={0885-8993}, 
month={Dec.},
}


@Article{Chang12,
AUTHOR = {Chang, Hsueh-Hsien},
TITLE = {Non-Intrusive Demand Monitoring and Load Identification for Energy Management Systems Based on Transient Feature Analyses},
JOURNAL = {Energies},
VOLUME = {5},
YEAR = {2012},
NUMBER = {11},
PAGES = {4569},
URL = {http://www.mdpi.com/1996-1073/5/11/4569},
ISSN = {1996-1073},
DOI = {10.3390/en5114569}
}

@inproceedings{BLUED, 
  address = {Beijing, China},
  title = {{BLUED:} A Fully Labeled Public Dataset for {Event-Based} {Non-Intrusive} Load Monitoring Research},
  booktitle = {Proceedings of the 2nd {KDD} Workshop on Data Mining Applications in Sustainability {(SustKDD)}},
  author = {Anderson, Kyle and Ocneanu, Adrian and Benitez, Diego and Carlson, Derrick and Rowe, Anthony and Berges, Mario},
  month = aug, year = {2012},
}

@INPROCEEDINGS{Pathak15, 
author={N. Pathak and N. Roy and A. Biswas}, 
booktitle={Green Computing Conference and Sustainable Computing Conference (IGSC), 2015 Sixth International}, 
title={Iterative signal separation assisted energy disaggregation}, 
year={2015}, 
pages={1-8},
doi={10.1109/IGCC.2015.7393701}, 
month={Dec.},
}

@ARTICLE{Liang10II, 
author={J. Liang and S. K. K. Ng and G. Kendall and J. W. M. Cheng}, 
journal={IEEE Transactions on Power Delivery}, 
title={Load Signature Study Part II: Disaggregation Framework, Simulation, and Applications}, 
year={2010}, 
volume={25}, 
number={2}, 
pages={561-569}, 
doi={10.1109/TPWRD.2009.2033800}, 
ISSN={0885-8977}, 
month={Apr.},
}

@INPROCEEDINGS{Cox06, 
author={R. Cox and S. B. Leeb and S. R. Shaw and L. K. Norford}, 
booktitle={Twenty-First Annual IEEE Applied Power Electronics Conference and Exposition, 2006. APEC '06.}, 
title={Transient event detection for nonintrusive load monitoring and demand side management using voltage distortion}, 
year={2006}, 
pages={1751-1757}, 
doi={10.1109/APEC.2006.1620777}, 
ISSN={1048-2334}, 
month={Mar.},
}

@INPROCEEDINGS{Chuang11,
author={C.-C. Chuang and T. J. T. Sung and G.-Y. Lin and J. Y. C. Wen and R.-I Chang},
title={Non-intrusive Appliance Monitoring Now: Effective Data, Generative Modelling and {LETE}},
booktitle={{ENERGY 2011}: The First International Conference on Smart Grids, Green Communications and {IT} Energy-aware Technologies},
pages={81-86},
address={Venice/Mestre, Italy},
year={2011},
month={May},
}

@INPROCEEDINGS{Chen15, 
author={K. Y. Chen and S. Gupta and E. C. Larson and S. Patel}, 
booktitle={Pervasive Computing and Communications (PerCom), 2015 IEEE International Conference on}, 
title={DOSE: Detecting user-driven operating states of electronic devices from a single sensing point}, 
year={2015}, 
pages={46-54}, 
doi={10.1109/PERCOM.2015.7146508}, 
month={Mar.},
}


@article{Guvensan13,
title = "Energy monitoring in residential spaces with audio sensor nodes: Tiny{EARS} ",
journal = "Ad Hoc Networks ",
volume = "11",
number = "5",
pages = "1539 - 1555",
year = "2013",
note = "",
issn = "1570-8705",
doi = "http://dx.doi.org/10.1016/j.adhoc.2012.10.002",
url = "http://www.sciencedirect.com/science/article/pii/S1570870512001898",
author = "M. Amac Guvensan and Z. Cihan Taysi and Tommaso Melodia",
}

@INPROCEEDINGS{Uddin12, 
author="M. Uddin and T. Nadeem", 
booktitle="2012 8th International Wireless Communications and Mobile Computing Conference ({IWCMC})", 
title="EnergySniffer: Home energy monitoring system using smart phones", 
year="2012", 
pages="159-164", 
month="Aug.",
}

@INPROCEEDINGS{Geilen07, 
author={M. Geilen and T. Basten}, 
booktitle={2007 Design, Automation Test in Europe Conference Exhibition}, 
title={A Calculator for Pareto Points}, 
year={2007}, 
pages={1-6},
doi={10.1109/DATE.2007.364605}, 
ISSN={1530-1591}, 
month={Apr.},}

@inproceedings{Geilen05,
author = {Marc Geilen and Twan Basten and Bart D. Theelen and Ralph Otten},
title = {{An Algebra of Pareto Points}},
booktitle = {Int. Conf. on Application of Concurrency to System Design},
year = {2005},
pages = {88--97},
doi = {10.1109/ACSD.2005.2},
masid = {1783226}
}

@article{Hifi04,
 ISSN = {01605682, 14769360},
 author = {M. Hifi, M. Michrafy, A. Sbihi},
 journal = {The Journal of the Operational Research Society},
 number = {12},
 pages = {1323-1332},
 publisher = {Palgrave Macmillan Journals},
 title = {Heuristic Algorithms for the Multiple-Choice Multidimensional Knapsack Problem},
 volume = {55},
 year = {2004}
}

@article{Geilen07acm,
 author = {Marc Geilen and Twan Basten and Bart D. Theelen and Ralph Otten},
 journal = {Fundamenta Informaticae},
 pages = {35-74},
 publisher = {Palgrave Macmillan Journals},
 title = {An Algebra of Pareto Points},
 volume = {78},
 issue={1},
 year = {2007},
 month={Sep.}
}

@phdthesis{Yukish2004,
 author = {Yukish, Michael A.},
 advisor = {Simpson, Tim},
 title = {Algorithms to Identify Pareto Points in Multi-dimensional Data Sets},
 year = {2004},
 isbn = {0-496-07184-X},
 note = {AAI3148694},
 publisher = {The Pennsylvania State University},
}

@Inbook{Lukata1997,
author="Lukata, Ulungu-Ekunda
and Teghem, Jacques",
editor="Cl{\'i}maco, Jo{\~a}o",
title="Solving Multi-Objective Knapsack Problem by a Branch-and-Bound Procedure",
bookTitle="Multicriteria Analysis",
year="1997",
publisher="Springer Berlin Heidelberg",
address="Berlin, Heidelberg",
pages="269--278",
isbn="978-3-642-60667-0",
doi="10.1007/978-3-642-60667-0_26",
}

@Inbook{Anagun2006,
author="Anagun, A. S.
and Sarac, T.",
editor="Gavrilova, Marina
and Gervasi, Osvaldo
and Kumar, Vipin
and Tan, C. J. Kenneth
and Taniar, David
and Lagan{\'a}, Antonio
and Mun, Youngsong
and Choo, Hyunseung",
title="Optimization of Performance of Genetic Algorithm for 0-1 Knapsack Problems Using Taguchi Method",
bookTitle="Computational Science and Its Applications - ICCSA 2006: International Conference, Glasgow, UK, May 8-11, 2006, Proceedings, Part III",
year="2006",
publisher="Springer Berlin Heidelberg",
address="Berlin, Heidelberg",
pages="678--687",
isbn="978-3-540-34076-8",
doi="10.1007/11751595_72",
url="http://dx.doi.org/10.1007/11751595_72"
}

@inproceedings{Singh07,
 author = {Singh, Alok and Baghel, Anurag Singh},
 title = {A New Grouping Genetic Algorithm for the Quadratic Multiple Knapsack Problem},
 booktitle = {Proceedings of the 7th European Conference on Evolutionary Computation in Combinatorial Optimization},
 series = {EvoCOP'07},
 year = {2007},
 isbn = {978-3-540-71614-3},
 location = {Valencia, Spain},
 pages = {210--218},
 numpages = {9},
 url = {http://dl.acm.org/citation.cfm?id=1761927.1761946},
 acmid = {1761946},
 publisher = {Springer-Verlag},
 address = {Berlin, Heidelberg},
 keywords = {combinatorial optimization, grouping genetic algorithm, knapsack problem, quadratic multiple knapsack problem},
}

@INPROCEEDINGS{Fukunaga08, 
author={A. S. Fukunaga}, 
booktitle={2008 IEEE Congress on Evolutionary Computation (IEEE World Congress on Computational Intelligence)}, 
title={A new grouping genetic algorithm for the Multiple Knapsack Problem}, 
year={2008}, 
pages={2225-2232}, 
doi={10.1109/CEC.2008.4631094}, 
ISSN={1089-778X}, 
month={Jun.},}

@INPROCEEDINGS{Shen11, 
author={W. Shen and B. Xu and J. p. Huang}, 
booktitle={2011 Second International Conference on Networking and Distributed Computing}, 
title={An Improved Genetic Algorithm for 0-1 Knapsack Problems}, 
year={2011}, 
pages={32-35}, 
doi={10.1109/ICNDC.2011.14}, 
ISSN={2165-4999}, 
month={Sept},}